
                       pip-db GitHub repository

@misc{cummins2014pip-db,
  author = {Cummins, C.},
  title = {pip-db},
  type = {Git Repository},
  year = {2014},
  howpublished = {\url{https://github.com/ChrisCummins/pip-db}},
}

                    Migrating PHP to Clojure blog

@misc{cummins2014migrating,
  author = {Cummins, C.},
  title = {Migrating PHP to Clojure},
  type = {Blog},
  year = {2014},
  howpublished = {\url{http://chriscummins.cc/posts/migrating-php-to-clojure/}}
}
